% ab-fm.bib

%% TLA

@article{Lamport:TOPLAS1994,
 author = {Lamport, Leslie},
 title = {The Temporal Logic of Actions},
 journal = {ACM Trans. Program. Lang. Syst.},
 volume = {16},
 number = {3},
 month = may,
 year = {1994},
 pages = {872--923},
 doi = {10.1145/177492.177726},
} 

@InProceedings{Yu:CHARME1999,
 author = {Yu, Yuan and Manolios, Panagiotis and Lamport, Leslie},
 title = {Model Checking {TLA$^+$} Specifications},
 booktitle = {Advanced Research Working Conference on Correct Hardware Design and Verification Methods},
 series = {CHARME '99},
 year = {1999},
 pages = {54--66},
 doi = {10.1007/3-540-48153-2\_6},
}

@article{Lamport:EATCS2018,
  author    = {Leslie Lamport},
  title     = {If You're Not Writing a Program, Don't Use a Programming Language},
  journal   = {Bulletin of the {EATCS}},
  volume    = {125},
  year      = {2018},
  url = {http://eatcs.org/beatcs/index.php/beatcs/article/view/539},
}

@book{Lamport:SS2002,
 author = {Lamport, Leslie},
 title = {Specifying Systems: The {TLA$^+$} Language and Tools for Hardware and Software Engineers},
 year = {2002},
 isbn = {0-3211-4306-X},
 publisher = {Addison-Wesley Longman Publishing Co., Inc.},
 address = {Boston, MA, USA},
} 

@article{Lamport:arXiv2017,
  title = {Auxiliary Variables in {TLA$^+$}},
  author = {Leslie Lamport and Stephan Merz},
  note = {arXiv:1703.05121},
  year = {2017},
  url = {http://arxiv.org/abs/1703.05121},
}
  journal = {CoRR},
  volume = {abs/1703.05121},

@Misc{Lamport:Summary,
  title = {Summary of {TLA$^+$}},
  author= {Lamport, Leslie},
  howpublished = {\url{http://lamport.azurewebsites.net/tla/summary-standalone.pdf}},
  note = {[Accessed: Jan. 22, 2019]}
}

%% TLAPS

@Misc{TLAPS,
  title = {{Microsoft Research -- Inria Joint Centre: TLA$^+$ Proof System} ({TLAPS})},
  howpublished = {\url{https://tla.msr-inria.inria.fr/tlaps/content/Home.html}},
  note = "[Accessed: Jan. 21, 2019]"
}

%% refinement
@article{Hoare:ActaInf1972,
  author = {Hoare, C. A.},
  title = {Proof of Correctness of Data Representations},
  journal = {Acta Inf.},
  volume = {1},
  number = {4},
  month = dec,
  year = {1972},
  pages = {271--281},
  doi = {10.1007/BF00289507},
} 

@InProceedings{Lamport:LICS1988,
  author = {Abadi, Martin and Lamport, Leslie},
  title = {The Existence of Refinement Mappings},
  booktitle = {Proceedings of the 3rd Annual Symposium on Logic in Computer Science},
  year = {1988},
  month = {July},
  pages = {165-175},
  edition = {Proceedings of the 3rd Annual Symposium on Logic in Computer Science},
  url = {https://www.microsoftcom/en-us/research/publication/the-existence-of-refinement-mappings/},
  note = {LICS 1988 Test of Time Award},
}

@article{Lamport:TCS1991,
  author    = {Mart{\'{\i}}n Abadi and
               Leslie Lamport},
  title     = {The Existence of Refinement Mappings},
  journal   = {Theor. Comput. Sci.},
  volume    = {82},
  number    = {2},
  pages     = {253--284},
  year      = {1991},
  doi       = {10.1016/0304-3975(91)90224-P},
  url       = {https://doi.org/10.1016/0304-3975(91)90224-P},
}