% ab-consensus.bib

%% Framework
@article{PaxosVRZab:TDSC2015,
  author    = {Robbert van Renesse and Nicolas Schiper and Fred B. Schneider},
  title     = {Vive La Diff{\'{e}}rence: Paxos vs. Viewstamped Replication vs. Zab},
  journal   = {{IEEE} Trans. Dependable Secur. Comput.},
  volume    = {12},
  number    = {4},
  pages     = {472--484},
  year      = {2015},
  url       = {https://doi.org/10.1109/TDSC.2014.2355848},
  doi       = {10.1109/TDSC.2014.2355848},
}

@inproceedings{Parallel:PODC2019,
  author = {Wang, Zhaoguo and Zhao, Changgeng and Mu, Shuai and Chen, Haibo and Li, Jinyang},
  title = {On the Parallels between Paxos and Raft, and How to Port Optimizations},
  year = {2019},
  isbn = {9781450362177},
  publisher = {Association for Computing Machinery},
  address = {New York, NY, USA},
  url = {https://doi.org/10.1145/3293611.3331595},
  doi = {10.1145/3293611.3331595},
  booktitle = {Proceedings of the 2019 ACM Symposium on Principles of Distributed Computing},
  pages = {445â€“454},
  numpages = {10},
  location = {Toronto ON, Canada},
  series = {PODC '19}
}