% ab-cc.bib

%% spec
@article{CM:DC1995,
  title = {Causal memory: Definitions, implementation, and programming},
  author = {Ahamad, Mustaque and Neiger, Gil and Burns, James E and Kohli, Prince and Hutto, Phillip W},
  journal = {Distributed Computing},
  volume = {9},
  number = {1},
  pages = {37--49},
  year = {1995},
  url = {https://doi.org/10.1007/BF01784241},
}

@inproceedings{CC:PPoPP2016,
  author = {Perrin, Matthieu and Mostefaoui, Achour and Jard, Claude},
  title = {Causal Consistency: Beyond Memory},
  booktitle = {Proceedings of the 21st ACM SIGPLAN Symposium on Principles and
    Practice of Parallel Programming (PPoPP '2016)},
  isbn = {9781450340922},
  doi = {10.1145/2851141.2851170},
  articleno = {26},
  numpages = {12},
  pages = {26:1--26:12},
  year = 2016,
}