% ab-cc.bib

%% spec

@inproceedings{SessionGuarantees:PDIS1994,
  author = {Terry, Douglas B. and Demers, Alan J. and Petersen, Karin and Spreitzer, Mike and Theimer, Marvin and Welch, Brent W.},
  title = {Session Guarantees for Weakly Consistent Replicated Data},
  year = {1994},
  isbn = {0818664002},
  publisher = {IEEE Computer Society},
  address = {USA},
  booktitle = {Proceedings of the Third International Conference on Parallel and Distributed Information Systems},
  pages = {140–149},
  numpages = {10},
  series = {PDIS ’94}
}

@inproceedings{SessionCausality:PDP2004,
  author={J. {Brzezinski} and C. {Sobaniec} and D. {Wawrzyniak}},
  booktitle={12th Euromicro Conference on Parallel, Distributed and Network-Based Processing, 2004. Proceedings.}, 
  title={From session causality to causal consistency}, 
  year={2004},
  volume={},
  number={},
  pages={152-158},
}

%% theory

@techreport{UnderstandingEC:TR2013,
author = {Burckhardt, Sebastian and Gotsman, Alexey and Yang, Hongseok},
title = {Understanding Eventual Consistency},
year = {2013},
month = {March},
url = {https://www.microsoft.com/en-us/research/publication/understanding-eventual-consistency/},
number = {MSR-TR-2013-39},
%note = {This document is work in progress. Feel free to cite, but note that we will update the contents without warning (the first page contains a timestamp), and that we are likely going to publish the content in some future venue, at which point we will update this paragraph.},
}
